@inproceedings{kreps2011kafka,
  title={Kafka: A distributed messaging system for log processing},
  author={Kreps, Jay and Narkhede, Neha and Rao, Jun and others},
  booktitle={Proceedings of the NetDB},
  volume={11},
  pages={1--7},
  year={2011}
}

@inproceedings{hunt2010zookeeper,
  title={ZooKeeper: Wait-free Coordination for Internet-scale Systems.},
  author={Hunt, Patrick and Konar, Mahadev and Junqueira, Flavio Paiva and Reed, Benjamin},
  booktitle={USENIX annual technical conference},
  volume={8},
  number={9},
  year={2010}
}

@article{burns2016borg,
  title={Borg, omega, and kubernetes},
  author={Burns, Brendan and Grant, Brian and Oppenheimer, David and Brewer, Eric and Wilkes, John},
  journal={Communications of the ACM},
  volume={59},
  number={5},
  pages={50--57},
  year={2016},
  publisher={ACM New York, NY, USA}
}

@article{bernstein2014containers,
  title={Containers and cloud: From lxc to docker to kubernetes},
  author={Bernstein, David},
  journal={IEEE Cloud Computing},
  volume={1},
  number={3},
  pages={81--84},
  year={2014},
  publisher={IEEE}
}

@article{fielding2002principled,
  title={Principled design of the modern web architecture},
  author={Fielding, Roy T and Taylor, Richard N},
  journal={ACM Transactions on Internet Technology (TOIT)},
  volume={2},
  number={2},
  pages={115--150},
  year={2002},
  publisher={ACM New York, NY, USA}
}

@misc{kepler,
  author = {{Uber}},
  title = {kepler.gl},
  url = {https://kepler.gl/},
  version = {2.5.5},
  date = {2021-12-15}
}

@misc{jenkins,
  author = {Kohsuke Kawaguchi},
  title = {Jenkins},
  url = {https://www.jenkins.io/},
  version = {2.60.3},
  date = {2021-12-15}
}

@online{devops,
  title = {What is DevOps?},
  author = {IBM},
  url = {https://www.ibm.com/topics/devops}
}

@online{systemResilience,
  title = {System Resilience: What exactly is it?},
  author = {Donald Firesmith},
  url = {https://insights.sei.cmu.edu/blog/system-resilience-what-exactly-is-it/}
}

@misc{weatherbit,
  title = {Weatherbit},
  url = {https://www.weatherbit.io/}
}